/home/benjamin_peter/programs/admixfrog/docs/main.bib